@article{edmonds2017global,
  title={A global food demand model for the assessment of complex human-earth systems},
  author={Edmonds, James A and Link, Robert and Waldhoff, Stephanie T and Cui, Ryna},
  journal={Climate Change Economics},
  volume={8},
  number={04},
  pages={1750012},
  year={2017},
  publisher={World Scientific}
}
@wikidocumentation{calvinetal2016global,
  title={GCAM v5.3 Documentation: Global Change Analysis Model (GCAM)},
  author={Calvin, Kate et al},
  journal={Wiki documentation},
  year={2016},
  publisher={github},
  link= {http://jgcri.github.io/gcam-doc/}
}
@article{calvin2019gcam,
  title={GCAM v5. 1: representing the linkages between energy, water, land, climate, and economic systems},
  author={Calvin, Katherine and Patel, Pralit and Clarke, Leon and Asrar, Ghassem and Bond-Lamberty, Ben and Cui, Ryna Yiyun and Di Vittorio, Alan and Dorheim, Kalyn and Edmonds, Jae and Hartin, Corinne and others},
  journal={Geoscientific Model Development (Online)},
  volume={12},
  number={PNNL-SA-137098},
  year={2019},
  publisher={Lawrence Berkeley National Lab.(LBNL), Berkeley, CA (United States); Pacific~…}
}
@article{di2020moirai,
  title={Moirai Version 3: A Data Processing System to Generate Recent Historical Land Inputs for Global Modeling Applications at Various Scales},
  author={Di Vittorio, Alan and Vernon, Christopher R and Shu, Shijie},
  journal={Journal of Open Research Software},
  volume={8},
  number={PNNL-SA-142149},
  year={2020},
  publisher={Pacific Northwest National Lab.(PNNL), Richland, WA (United States)}
}
@article{hartin2015hector,
  title={A simple object-oriented and open-source model for scientific and policy analyses of the global climate system – Hector v1.0},
  author={Hartin, Corinne and Patel, Pralit and Schwarber, A and Link, Robert and  Bond-Lamberty, Ben},
  journal={Geoscientific Model Development},
  volume={8},
  number={gmd-8-939-2015},
  year={2015},
  publisher={Pacific Northwest National Lab.(PNNL), Richland, WA (United States)}
}
@article{li2017xanthos,
  title={Xanthos--a global hydrologic model},
  author={Li, Xinya and Vernon, Chris R and Hejazi, Mohamad I and Link, Robert P and Feng, Leyang and Liu, Yaling and Rauchenstein, Lynn T},
  journal={Journal of Open Research Software},
  volume={5},
  number={PNNL-SA-126584},
  year={2017},
  publisher={Pacific Northwest National Lab.(PNNL), Richland, WA (United States)}
}
@article{vernon2018demeter,
  title={Demeter--A Land Use and Land Cover Change Disaggregation Model},
  author={Vernon, Chris R and Le Page, Yannick and Chen, Min and Huang, Maoyi and Calvin, Katherine V and Kraucunas, Ian P and Braun, Caleb J},
  journal={Journal of Open Research Software},
  volume={6},
  number={PNNL-SA-131044},
  year={2018},
  publisher={Pacific Northwest National Lab.(PNNL), Richland, WA (United States)}
}
@article{carrol1988,
  title={ Transformation and Weighting in Regression},
  author={Caroll, R.J. and Ruppert, D.},
  journal={CRC Press},
  volume={30},
  number={PNNL-SA-131044},
  year={1988},
  publisher={CRC Press}
}
